@article{canny1986computational,
  title={A computational approach to edge detection},
  author={Canny, John},
  journal={IEEE Transactions on pattern analysis and machine intelligence},
  number={6},
  pages={679--698},
  year={1986},
  publisher={IEEE}
}
@article{suzuki1985topological,
  title={Topological structural analysis of digitized binary images by border following},
  author={Suzuki, Satoshi and others},
  journal={Computer Vision, Graphics, and Image Processing},
  volume={30},
  number={1},
  pages={32--46},
  year={1985},
  publisher={Elsevier}
}
@article{thacker1995assessing,
  title={Assessing the completeness properties of pairwise geometric histograms},
  author={Thacker, Neil A and Riocreux, PA and Yates, RB},
  journal={Image and Vision Computing},
  volume={13},
  number={5},
  pages={423--429},
  year={1995},
  publisher={Elsevier}
}
@article{lowe1987three,
  title={Three-dimensional object recognition from single two-dimensional images},
  author={Lowe, David G},
  journal={Artificial intelligence},
  volume={31},
  number={3},
  pages={355--395},
  year={1987},
  publisher={Elsevier}
}

@article{bandera19992d,
  title={2D object recognition based on curvature functions obtained from local histograms of the contour chain code},
  author={Bandera, Antonio and Urdiales, Cristina and Arrebola, Fabi{\'a}n and Sandoval, F},
  journal={Pattern Recognition Letters},
  volume={20},
  number={1},
  pages={49--55},
  year={1999},
  publisher={Elsevier}
}
@article{cornic1997another,
  title={Another look at the dominant point detection of digital curves},
  author={Cornic, Philippe},
  journal={Pattern Recognition Letters},
  volume={18},
  number={1},
  pages={13--25},
  year={1997},
  publisher={Elsevier}
}
@article{fu1997curve,
  title={A curve bend function based method to characterize contour shapes},
  author={Fu, Alan MN and Yan, Hong and Huang, Kai},
  journal={Pattern Recognition},
  volume={30},
  number={10},
  pages={1661--1671},
  year={1997},
  publisher={Elsevier}
}
@article{gu2000coarse,
  title={Coarse-to-fine planar object identification using invariant curve features and B-spline modeling},
  author={Gu, Yu-Hua and Tjahjadi, Tardi},
  journal={Pattern Recognition},
  volume={33},
  number={9},
  pages={1411--1422},
  year={2000},
  publisher={Elsevier}
}
@article{lecun1998gradient,
  title={Gradient-based learning applied to document recognition},
  author={LeCun, Yann and Bottou, L{\'e}on and Bengio, Yoshua and Haffner, Patrick},
  journal={Proceedings of the IEEE},
  volume={86},
  number={11},
  pages={2278--2324},
  year={1998},
  publisher={IEEE}
}
@inproceedings{krizhevsky2012imagenet,
  title={Imagenet classification with deep convolutional neural networks},
  author={Krizhevsky, Alex and Sutskever, Ilya and Hinton, Geoffrey E},
  booktitle={Advances in neural information processing systems},
  pages={1097--1105},
  year={2012}
}
@inproceedings{zeiler2014visualizing,
  title={Visualizing and understanding convolutional networks},
  author={Zeiler, Matthew D and Fergus, Rob},
  booktitle={European Conference on Computer Vision},
  pages={818--833},
  year={2014},
  organization={Springer}
}
@inproceedings{szegedy2015going,
  title={Going deeper with convolutions},
  author={Szegedy, Christian and Liu, Wei and Jia, Yangqing and Sermanet, Pierre and Reed, Scott and Anguelov, Dragomir and Erhan, Dumitru and Vanhoucke, Vincent and Rabinovich, Andrew},
  booktitle={Proceedings of the IEEE Conference on Computer Vision and Pattern Recognition},
  pages={1--9},
  year={2015}
}
@article{simonyan2014very,
  title={Very deep convolutional networks for large-scale image recognition},
  author={Simonyan, Karen and Zisserman, Andrew},
  journal={arXiv preprint arXiv:1409.1556},
  year={2014}
}
@article{he2015deep,
  title={Deep residual learning for image recognition},
  author={He, Kaiming and Zhang, Xiangyu and Ren, Shaoqing and Sun, Jian},
  journal={arXiv preprint arXiv:1512.03385},
  year={2015}
}
@article{ioffe2015batch,
  title={Batch normalization: Accelerating deep network training by reducing internal covariate shift},
  author={Ioffe, Sergey and Szegedy, Christian},
  journal={arXiv preprint arXiv:1502.03167},
  year={2015}
}
@article{ibrahim2012bounding,
  title={Bounding Box Object Localization Based On Image Superpixelization},
  author={Ibrahim, Mostafa S and Badr, Amr A and Abdallah, Mostafa R and Eissa, Ibrahim F},
  journal={Procedia Computer Science},
  volume={13},
  pages={108--119},
  year={2012},
  publisher={Elsevier}
}
@article{mukhopadhyay2015survey,
  title={A survey of Hough Transform},
  author={Mukhopadhyay, Priyanka and Chaudhuri, Bidyut B},
  journal={Pattern Recognition},
  volume={48},
  number={3},
  pages={993--1010},
  year={2015},
  publisher={Elsevier}
}
@misc{vc1962method,
  title={Method and means for recognizing complex patterns},
  author={VC, Hough Paul},
  year={1962},
  month=dec # "~18",
  publisher={Google Patents},
  note={US Patent 3,069,654}
}
@article{ballard1981generalizing,
  title={Generalizing the Hough transform to detect arbitrary shapes},
  author={Ballard, Dana H},
  journal={Pattern recognition},
  volume={13},
  number={2},
  pages={111--122},
  year={1981},
  publisher={Elsevier}
}
@article{bentley1975multidimensional,
  title={Multidimensional binary search trees used for associative searching},
  author={Bentley, Jon Louis},
  journal={Communications of the ACM},
  volume={18},
  number={9},
  pages={509--517},
  year={1975},
  publisher={ACM}
}
@article{sproull1991refinements,
  title={Refinements to nearest-neighbor searching in k-dimensional trees},
  author={Sproull, Robert F},
  journal={Algorithmica},
  volume={6},
  number={1},
  pages={579--589},
  year={1991},
  publisher={Springer}
}
@inproceedings{niyogi1996example,
  title={Example-based head tracking},
  author={Niyogi, Sourabh and Freeman, William T},
  booktitle={Automatic Face and Gesture Recognition, 1996., Proceedings of the Second International Conference on},
  pages={374--378},
  year={1996},
  organization={IEEE}
}
@inproceedings{kumar2008good,
  title={What is a good nearest neighbors algorithm for finding similar patches in images?},
  author={Kumar, Neeraj and Zhang, Li and Nayar, Shree},
  booktitle={European conference on computer vision},
  pages={364--378},
  year={2008},
  organization={Springer}
}
@inproceedings{barnes2010generalized,
  title={The generalized patchmatch correspondence algorithm},
  author={Barnes, Connelly and Shechtman, Eli and Goldman, Dan B and Finkelstein, Adam},
  booktitle={European Conference on Computer Vision},
  pages={29--43},
  year={2010},
  organization={Springer}
}
@article{barnes2009patchmatch,
  title={PatchMatch: A randomized correspondence algorithm for structural image editing},
  author={Barnes, Connelly and Shechtman, Eli and Finkelstein, Adam and Goldman, Dan},
  journal={ACM Transactions on Graphics-TOG},
  volume={28},
  number={3},
  pages={24},
  year={2009}
}
@article{xiao2011fast,
  title={Fast exact nearest patch matching for patch-based image editing and processing},
  author={Xiao, Chunxia and Liu, Meng and Yongwei, Nie and Dong, Zhao},
  journal={IEEE Transactions on Visualization and Computer Graphics},
  volume={17},
  number={8},
  pages={1122--1134},
  year={2011},
  publisher={IEEE}
}
@inproceedings{datar2004locality,
  title={Locality-sensitive hashing scheme based on p-stable distributions},
  author={Datar, Mayur and Immorlica, Nicole and Indyk, Piotr and Mirrokni, Vahab S},
  booktitle={Proceedings of the twentieth annual symposium on Computational geometry},
  pages={253--262},
  year={2004},
  organization={ACM}
}
@article{barnessurvey,
  title={A survey of the state-of-the-art in patch-based synthesis},
  author={Barnes, Connelly and Zhang, Fang-Lue},
  journal={Computational Visual Media},
  pages={1--18},
  publisher={Springer}
}
@article{guillemot2014image,
  title={Image inpainting: Overview and recent advances},
  author={Guillemot, Christine and Le Meur, Olivier},
  journal={IEEE signal processing magazine},
  volume={31},
  number={1},
  pages={127--144},
  year={2014},
  publisher={IEEE}
}
@inproceedings{cho2008patch,
  title={The patch transform and its applications to image editing},
  author={Cho, Taeg Sang and Butman, Moshe and Avidan, Shai and Freeman, William T},
  booktitle={Computer Vision and Pattern Recognition, 2008. CVPR 2008. IEEE Conference on},
  pages={1--8},
  year={2008},
  organization={IEEE}
}


% bat dau
@article{ojala1996comparative,
  title={A comparative study of texture measures with classification based on featured distributions},
  author={Ojala, Timo and Pietik{\"a}inen, Matti and Harwood, David},
  journal={Pattern recognition},
  volume={29},
  number={1},
  pages={51--59},
  year={1996},
  publisher={Elsevier}
}
@article{ojala1999unsupervised,
  title={Unsupervised texture segmentation using feature distributions},
  author={Ojala, Timo and Pietik{\"a}inen, Matti},
  journal={Pattern Recognition},
  volume={32},
  number={3},
  pages={477--486},
  year={1999},
  publisher={Elsevier}
}
@article{wang1990texture,
  title={Texture classification using texture spectrum},
  author={Wang, Li and He, Dong-Chen},
  journal={Pattern Recognition},
  volume={23},
  number={8},
  pages={905--910},
  year={1990},
  publisher={Elsevier}
}
@article{fechner1948elements,
  title={Elements of psychophysics, 1860.},
  author={Fechner, Gustav Theodor},
  year={1948},
  publisher={Appleton-Century-Crofts}
}
@book{michelson1995studies,
  title={Studies in optics},
  author={Michelson, Albert Abraham},
  year={1995},
  publisher={Courier Corporation}
}
@article{peli1990contrast,
  title={Contrast in complex images},
  author={Peli, Eli},
  journal={JOSA A},
  volume={7},
  number={10},
  pages={2032--2040},
  year={1990},
  publisher={Optical Society of America}
}
@article{lowe2004distinctive,
  title={Distinctive image features from scale-invariant keypoints},
  author={Lowe, David G},
  journal={International journal of computer vision},
  volume={60},
  number={2},
  pages={91--110},
  year={2004},
  publisher={Springer}
}
@article{maini2009study,
  title={Study and comparison of various image edge detection techniques},
  author={Maini, Raman and Aggarwal, Himanshu},
  journal={International journal of image processing (IJIP)},
  volume={3},
  number={1},
  pages={1--11},
  year={2009}
}
@article{smith1997susan,
  title={SUSAN—A new approach to low level image processing},
  author={Smith, Stephen M and Brady, J Michael},
  journal={International journal of computer vision},
  volume={23},
  number={1},
  pages={45--78},
  year={1997},
  publisher={Springer}
}
@inproceedings{sun2013deep,
  title={Deep convolutional network cascade for facial point detection},
  author={Sun, Yi and Wang, Xiaogang and Tang, Xiaoou},
  booktitle={Proceedings of the IEEE conference on computer vision and pattern recognition},
  pages={3476--3483},
  year={2013}
}
@article{cintas2016automatic,
  title={Automatic ear detection and feature extraction using Geometric Morphometrics and convolutional neural networks},
  author={Cintas, Celia and Quinto-S{\'a}nchez, Mirsha and Acu{\~n}a, Victor and Paschetta, Carolina and de Azevedo, Soledad and de Cerqueira, Caio Cesar Silva and Ramallo, Virginia and Gallo, Carla and Poletti, Giovanni and Bortolini, Maria Catira and others},
  journal={IET Biometrics},
  volume={6},
  number={3},
  pages={211--223},
  year={2016},
  publisher={IET}
}
@techreport{huang2007labeled,
  title={Labeled faces in the wild: A database for studying face recognition in unconstrained environments},
  author={Huang, Gary B and Ramesh, Manu and Berg, Tamara and Learned-Miller, Erik},
  year={2007},
  institution={Technical Report 07-49, University of Massachusetts, Amherst}
}
@misc{lasagne,
  author       = {Sander Dieleman and
                  Jan Schlüter and
                  Colin Raffel and
                  Eben Olson and
                  Søren Kaae Sønderby and
                  Daniel Nouri and
                  others},
  title        = {Lasagne: First release.},
  month        = aug,
  year         = 2015,
  doi          = {10.5281/zenodo.27878},
  url          = {http://dx.doi.org/10.5281/zenodo.27878}
}
@incollection{lecun2012efficient,
  title={Efficient backprop},
  author={LeCun, Yann A and Bottou, L{\'e}on and Orr, Genevieve B and M{\"u}ller, Klaus-Robert},
  booktitle={Neural networks: Tricks of the trade},
  pages={9--48},
  year={2012},
  publisher={Springer}
}
@article{kendall1938new,
  title={A new measure of rank correlation},
  author={Kendall, Maurice G},
  journal={Biometrika},
  volume={30},
  number={1/2},
  pages={81--93},
  year={1938},
  publisher={JSTOR}
}
@book{pallant2013spss,
  title={SPSS survival manual},
  author={Pallant, Julie},
  year={2013},
  publisher={McGraw-Hill Education (UK)}
}
@book{myers2010research,
  title={Research design and statistical analysis},
  author={Myers, Jerome L and Well, Arnold and Lorch, Robert Frederick},
  year={2010},
  pages={508},
  publisher={Routledge}
}
@article{srivastava2014dropout,
  title={Dropout: a simple way to prevent neural networks from overfitting.},
  author={Srivastava, Nitish and Hinton, Geoffrey E and Krizhevsky, Alex and Sutskever, Ilya and Salakhutdinov, Ruslan},
  journal={Journal of machine learning research},
  volume={15},
  number={1},
  pages={1929--1958},
  year={2014}
}